@article{1,
  title={Embedding the Internet: Wireless integrated network sensors},
  author={Pottie, G. J. and Kaiser, W. J.},
  journal={Communications of the Acm},
  volume={43},
  year={2000},
}
@article{RN139,
   author = {Kauffman, Louis H and Lomonaco, Samuel J},
   title = {Quantum entanglement and topological entanglement},
   journal = {New Journal of Physics},
   volume = {4},
   number = {1},
   pages = {73},
   ISSN = {1367-2630},
   year = {2002},
   type = {Journal Article}
}

@article{RN143,
   author = {Kauffman, Louis H and Lomonaco, Samuel J},
   title = {Braiding operators are universal quantum gates},
   journal = {New Journal of Physics},
   volume = {6},
   number = {1},
   pages = {134},
   ISSN = {1367-2630},
   year = {2004},
   type = {Journal Article}
}

@article{RN138,
   author = {Kauffman, Louis H. and Mehrotra, Eshan},
   title = {Topological aspects of quantum entanglement},
   journal = {Quantum Information Processing},
   volume = {18},
   number = {3},
   ISSN = {1570-0755},
   DOI = {10.1007/s11128-019-2191-z},
   url = {http://arxiv.org/pdf/1611.08047},
   year = {2019},
   type = {Journal Article}
}

