@article{pal2011dirac,
  title={Dirac, majorana, and weyl fermions},
  author={Pal, Palash B},
  journal={American Journal of Physics},
  volume={79},
  number={5},
  pages={485--498},
  year={2011},
  publisher={American Association of Physics Teachers}
}